%% LaTeX2e file `Master.bib'
%% generated by the `filecontents' environment
%% from source `paper' on 2016/04/04.
%%
@proceedings{this123,
editor = {Sriharsha Harsha et al},
title = {This is a test paper},
year = {2016}
}
